<?xml version="1.0" encoding="UTF-8"?><collection xmlns="http://www.loc.gov/MARC21/slim"><record><leader>00351nam--2200121-i-4500</leader><controlfield tag="001">000004627</controlfield><controlfield tag="002">20161230</controlfield><controlfield tag="005">20161230201026</controlfield><controlfield tag="008">060222s1000------------r-----000-0-eng-d</controlfield><datafield ind1=" " ind2=" " tag="100"><subfield code="a">Baroncini, D., Sabbata, V.De</subfield></datafield><datafield ind1=" " ind2=" " tag="245"><subfield code="a">Angular correlation for production and decay of</subfield></datafield><datafield ind1=" " ind2=" " tag="260"><subfield code="a">Bologna, Instituto Di Fisica Dell Universita, 1958 16 P</subfield></datafield><datafield ind1=" " ind2=" " tag="852"><subfield code="a">5840</subfield></datafield></record></collection>